<?xml version="1.0" encoding="UTF-8"?><collection xmlns="http://www.loc.gov/MARC21/slim"><record><leader>00334nam--2200133-i-4500</leader><controlfield tag="001">000004185</controlfield><controlfield tag="002">20161230</controlfield><controlfield tag="005">20161230201025</controlfield><controlfield tag="008">060222s1000------------r-----000-0-eng-d</controlfield><datafield ind1=" " ind2=" " tag="100"><subfield code="a">Borgmann, G.W./S.A.</subfield></datafield><datafield ind1=" " ind2=" " tag="245"><subfield code="a">Corrosion of metals</subfield></datafield><datafield ind1=" " ind2=" " tag="260"><subfield code="a">Cleveland, Ohio, American Society For Metals, 1964</subfield></datafield><datafield ind1=" " ind2=" " tag="490"><subfield code="a">181 P</subfield></datafield><datafield ind1=" " ind2=" " tag="852"><subfield code="a">620.193</subfield></datafield></record></collection>